%% LaTeX2e file `p1.bib'
%% generated by the `filecontents' environment
%% from source `p1' on 2020/09/14.
%%
@Book{arpaciDusseau18:osbook,
  author =       {Arpaci-Dusseau, Remzi H. and Arpaci-Dusseau Andrea C.},
  title =        {Operating Systems: Three Easy Pieces},
  publisher =    {Arpaci-Dusseau Books, LLC},
  year =         2015,
  edition =      {1.00},
  note =         {\url{http://pages.cs.wisc.edu/~remzi/OSTEP/}}
}
@InProceedings{waldspurger02,
  author =       {Waldspurger, Carl A.},
  title =        {Memory resource management in {VMware ESX} server},
  booktitle =    {USENIX Symposium on Operating System Design and
                  Implementation (OSDI)},
  year =         2002,
  pages =        {181--194},
  note =         {\url{https://www.usenix.org/legacy/event/osdi02/tech/waldspurger/waldspurger.pdf}}
}
@inproceedings{CooperSTRS10socc,
  author    = {Brian F. Cooper and
               Adam Silberstein and
               Erwin Tam and
               Raghu Ramakrishnan and
               Russell Sears},
  title     = {Benchmarking cloud serving systems with {YCSB}},
  booktitle = {Proceedings of the 1st {ACM} Symposium on Cloud Computing, SoCC 2010,
               Indianapolis, Indiana, USA, June 10-11, 2010},
  pages     = {143--154},
  year      = {2010},
  doi       = {10.1145/1807128.1807152}
}
@misc{leveldb,
    author={Google},
    title={LevelDB},
    howpublished={\url{https://github.com/google/leveldb}}
}
@misc{rocksdb,
    author={Facebook},
    title={RocksDB},
    howpublished={\url{https://github.com/facebook/rocksdb}}
}

