%% LaTeX2e file `p2.bib'
%% generated by the `filecontents' environment
%% from source `p2' on 2020/10/24.
%%
@Book{arpaciDusseau18:osbook,
  author =       {Arpaci-Dusseau, Remzi H. and Arpaci-Dusseau Andrea C.},
  title =        {Operating Systems: Three Easy Pieces},
  publisher =    {Arpaci-Dusseau Books, LLC},
  year =         2015,
  edition =      {1.00},
  note =         {\url{http://pages.cs.wisc.edu/~remzi/OSTEP/}}
}
@InProceedings{waldspurger02,
  author =       {Waldspurger, Carl A.},
  title =        {Memory resource management in {VMware ESX} server},
  booktitle =    {USENIX Symposium on Operating System Design and
                  Implementation (OSDI)},
  year =         2002,
  pages =        {181--194},
  note =         {\url{https://www.usenix.org/legacy/event/osdi02/tech/waldspurger/waldspurger.pdf}}
}
@inproceedings{CooperSTRS10socc,
  author    = {Brian F. Cooper and
               Adam Silberstein and
               Erwin Tam and
               Raghu Ramakrishnan and
               Russell Sears},
  title     = {Benchmarking cloud serving systems with {YCSB}},
  booktitle = {Proceedings of the 1st {ACM} Symposium on Cloud Computing, SoCC 2010,
               Indianapolis, Indiana, USA, June 10-11, 2010},
  pages     = {143--154},
  year      = {2010},
  doi       = {10.1145/1807128.1807152}
}
@misc{leveldb,
    author={Google},
    title={LevelDB},
    howpublished={\url{https://github.com/google/leveldb}}
}
@misc{rocksdb,
    author={Facebook},
    title={RocksDB},
    howpublished={\url{https://github.com/facebook/rocksdb}}
}
@inproceedings{usenixsilk,
author = {Oana Balmau and Florin Dinu and Willy Zwaenepoel and Karan Gupta and Ravishankar Chandhiramoorthi and Diego Didona},
title = {{SILK}: Preventing Latency Spikes in Log-Structured Merge Key-Value Stores},
booktitle = {2019 {USENIX} Annual Technical Conference ({USENIX} {ATC} 19)},
year = {2019},
isbn = {978-1-939133-03-8},
address = {Renton, WA},
pages = {753--766},
url = {https://www.usenix.org/conference/atc19/presentation/balmau},
publisher = {{USENIX} Association},
month = jul,
}

@misc{ wiki:aimd,
  author = {{Additive increase/multiplicative decrease}},
  title = "Additive increase/multiplicative decrease --- {W}ikipedia{,} The Free Encyclopedia",
  year = "2020",
  url = "https://en.wikipedia.org/wiki/Additive_increase/multiplicative_decrease",
  note = "[Online; accessed 04-December-2020]"
}

@misc{ tcp:congestion:control,
  author = {{CS268, Berkeley}},
  title = "Lecture 4: TCP congestion control",
  url = "https://inst.eecs.berkeley.edu//~cs268/sp03/notes/Lecture4.pdf",
  note = "[Online; accessed 04-December-2020]"
}
